@article{einstein,
    author =       "Albert Einstein",
    title =        "{Zur Elektrodynamik bewegter K{\"o}rper}",
    journal =      "Annalen der Physik",
    volume =       "322",
    number =       "10",
    pages =        "891--921",
    year =         "1905",
    DOI =          "http://dx.doi.org/10.1002/andp.19053221004"
}

@book{latexcompanion,
    author    = "Michel Goossens and Frank Mittelbach and Alexander Samarin",
    title     = "The \LaTeX\ Companion",
    year      = "1993",
    publisher = "Addison-Wesley",
    address   = "Reading, Massachusetts"
}

@misc{knuthwebsite,
    author    = "Donald Knuth",
    title     = "Knuth: Computers and Typesetting",
    url       = "http://www-cs-faculty.stanford.edu/\~{}uno/abcde.html"
}

@misc{stihacky,
    author = "Lubomír Světnička",
    title = "Vyjednávání o stíhačkách F-35 pokračují. Česko sonduje možnosti financování",
    url = "https://www.idnes.cz/zpravy/nato/stihaci-lockheed-f-35-armada-obran-cupakova-usa-pilot.A230214_194540_zpr_nato_inc"
}

@misc{plneni,
    author = "Ministerstvo financí České republiky",
    title = "Plnění státního rozpočtu",
    url = "https://www.mfcr.cz/cs/verejny-sektor/statni-rozpocet/plneni-statniho-rozpoctu"
}

@misc{urceni,
    author = "Finanční správa",
    title = "Rozpočtové určení daní",
    url = "https://www.financnisprava.cz/cs/dane/danovy-system-cr/rozpoctove-urceni-dani"
}

@misc{plan,
    author = "Úřad vlády České republiky",
    title = "Národní investiční plán České republiky 2020-2050",
    url = "https://www.vlada.cz/assets/media-centrum/aktualne/Narodni-investicni-plan-CR-2020_2050.pdf"
}

@misc{dph,
    author = "Perlament České republiky",
    title = "235/2004 Sb. Zákon o dani z přidané hodnoty",
    url = "https://www.podnikatel.cz/zakony/zakon-c-235-2004-sb-o-dani-z-pridane-hodnoty/uplne/#prilohy"
}

@misc{prijmy,
    author = "Finanční správa",
    title = "Daň z příjmů",
    url = "https://www.financnisprava.cz/cs/dane/dane/dan-z-prijmu"
}

@misc{socpoj,
    author = "Ministerstvo práce a sociálních věcí",
    title = "Sociální pojištění",
    url = "https://www.mpsv.cz/socialni-pojisteni"
}

@misc{hazard,
    author = "Parlament České republiky",
    title = "187/2016 Sb. Zákon o dani z hazardních her",
    url = "https://www.zakonyprolidi.cz/cs/2016-187"
}

@misc{spotrebni,
    author = "Wikipedie",
    title = "Spotřební daň",
    url = "https://cs.wikipedia.org/wiki/Spot\%C5\%99ebn\%C3\%AD_da\%C5\%88#Reference"
}

@misc{flask,
    author = "Pallets",
    title = "Flask",
    url = "https://flask.palletsprojects.com/en/2.2.x/"
}

@misc{pocketbase,
    author = "Gani",
    title = "PocketBase",
    url = "https://pocketbase.io/"
}

@misc{alpine,
    author = "Caleb Porzio",
    title = "Alpine.js",
    url = "https://alpinejs.dev/"
}

@misc{nix,
    author = "kolektiv NixOS",
    title = "Nix",
    url = "https://nixos.org/"
}

@misc{fireship,
    author = "Fireship",
    title = "Fireship",
    url = "https://www.youtube.com/@Fireship"
}

@misc{media_queries,
   author = "Mozilla Corporation",
   title = "Using media queries",
   url = "https://developer.mozilla.org/en-US/docs/Web/CSS/Media_Queries/Using_media_queries"
}
